@article{nakamoto2008bitcoin,
	title={Bitcoin: A peer-to-peer electronic cash system},
	author={Nakamoto, Satoshi and others},
	year={2008},
	publisher={Working Paper}
}
